@incollection{ASHBY2011xi,
  title     = {Preface},
  editor    = {Michael F. Ashby},
  booktitle = {Materials Selection in Mechanical Design (Fourth Edition)},
  publisher = {Butterworth-Heinemann},
  edition   = {Fourth Edition},
  address   = {Oxford},
  pages     = {xi-xii},
  year      = {2011},
  isbn      = {978-1-85617-663-7},
  doi       = {https://doi.org/10.1016/B978-1-85617-663-7.00024-2},
  url       = {https://www.sciencedirect.com/science/article/pii/B9781856176637000242},
  author    = {Mike Ashby}
}