@book{VOLPATO2017,
  title     = {Manufatura aditiva: tecnologias e aplica{\c{c}}{\~o}es da impress{\~a}o 3D},
  author    = {Volpato, N.},
  isbn      = {9788521211518},
  year      = {2017},
  publisher = {Editora Blucher}
}
